<record><leader>00000cas a22000007a 4500</leader><controlfield tag="001">31213318</controlfield><controlfield tag="008">941003c19699999nyuwr ne      |   a0eng  </controlfield><datafield ind1=" " ind2=" " tag="010"><subfield code="a">sn 95071031 </subfield></datafield><datafield ind1=" " ind2=" " tag="040"><subfield code="a">NYS</subfield><subfield code="b">eng</subfield><subfield code="c">NYS</subfield><subfield code="d">OCLCQ</subfield><subfield code="d">DLC</subfield><subfield code="d">OCLCF</subfield></datafield><datafield ind1=" " ind2=" " tag="012"><subfield code="m">1</subfield></datafield><datafield ind1="1" ind2=" " tag="022"><subfield code="a">2328-9287</subfield><subfield code="2">1</subfield></datafield><datafield ind1="1" ind2=" " tag="029"><subfield code="a">AU@</subfield><subfield code="b">000011527017</subfield></datafield><datafield ind1=" " ind2=" " tag="032"><subfield code="a">977760</subfield><subfield code="b">USPS</subfield></datafield><datafield ind1=" " ind2=" " tag="037"><subfield code="b">Anton Community Newspapers, 132 East 2nd Street, Mineola, NY 11501</subfield></datafield><datafield ind1=" " ind2=" " tag="042"><subfield code="a">pcc</subfield><subfield code="a">nsdp</subfield></datafield><datafield ind1="1" ind2="0" tag="050"><subfield code="a">ISSN RECORD</subfield></datafield><datafield ind1="1" ind2="0" tag="082"><subfield code="a">070</subfield><subfield code="2">23</subfield></datafield><datafield ind1=" " ind2="4" tag="222"><subfield code="a">The Massapequan observer</subfield></datafield><datafield ind1="0" ind2="4" tag="245"><subfield code="a">The Massapequan observer.</subfield></datafield><datafield ind1="1" ind2=" " tag="246"><subfield code="i">Also called:</subfield><subfield code="a">Massapequa observer</subfield></datafield><datafield ind1=" " ind2=" " tag="260"><subfield code="a">Massapequa Park, N.Y. :</subfield><subfield code="b">Observer</subfield></datafield><datafield ind1=" " ind2=" " tag="300"><subfield code="a">v.</subfield></datafield><datafield ind1=" " ind2=" " tag="310"><subfield code="a">Weekly</subfield></datafield><datafield ind1="0" ind2=" " tag="362"><subfield code="a">Vol. 11, no. 1 (Dec. 4, 1969)-</subfield></datafield><datafield ind1=" " ind2=" " tag="500"><subfield code="a">Published in Mineola, N.Y., &lt;Nov. 5, 1993-&gt;.</subfield></datafield><datafield ind1=" " ind2=" " tag="500"><subfield code="a">Publishers: Observer, Inc., 1969- ; Anton Community Newspapers of Long Island, Inc., &lt;Nov. 5, 1993-&gt;.</subfield></datafield><datafield ind1=" " ind2=" " tag="500"><subfield code="a">"An official publication of Massapequa Park and all the Massapequas."</subfield></datafield><datafield ind1=" " ind2=" " tag="588"><subfield code="a">Latest issue consulted: Vol. 54, no. 32 (Apr. 12, 2013) (surrogate).</subfield></datafield><datafield ind1=" " ind2="0" tag="651"><subfield code="a">Mineola (N.Y.)</subfield><subfield code="v">Newspapers.</subfield></datafield><datafield ind1=" " ind2="0" tag="651"><subfield code="a">Massapequa (N.Y.)</subfield><subfield code="v">Newspapers.</subfield></datafield><datafield ind1=" " ind2="0" tag="651"><subfield code="a">Massapequa Park (N.Y.)</subfield><subfield code="v">Newspapers.</subfield></datafield><datafield ind1=" " ind2="0" tag="651"><subfield code="a">Nassau County (N.Y.)</subfield><subfield code="v">Newspapers.</subfield></datafield><datafield ind1=" " ind2="7" tag="655"><subfield code="a">Newspapers.</subfield><subfield code="2">fast</subfield><subfield code="0">(OCoLC)fst01423814</subfield></datafield><datafield ind1=" " ind2="7" tag="651"><subfield code="a">New York (State)</subfield><subfield code="z">Massapequa.</subfield><subfield code="2">fast</subfield><subfield code="0">(OCoLC)fst01210038</subfield></datafield><datafield ind1=" " ind2="7" tag="651"><subfield code="a">New York (State)</subfield><subfield code="z">Massapequa Park.</subfield><subfield code="2">fast</subfield><subfield code="0">(OCoLC)fst01216833</subfield></datafield><datafield ind1=" " ind2="7" tag="651"><subfield code="a">New York (State)</subfield><subfield code="z">Mineola.</subfield><subfield code="2">fast</subfield><subfield code="0">(OCoLC)fst01223780</subfield></datafield><datafield ind1=" " ind2="7" tag="651"><subfield code="a">New York (State)</subfield><subfield code="z">Nassau County.</subfield><subfield code="2">fast</subfield><subfield code="0">(OCoLC)fst01205518</subfield></datafield><datafield ind1=" " ind2=" " tag="752"><subfield code="a">United States</subfield><subfield code="b">New York</subfield><subfield code="c">Nassau</subfield><subfield code="d">Mineola.</subfield></datafield><datafield ind1=" " ind2=" " tag="752"><subfield code="a">United States</subfield><subfield code="b">New York</subfield><subfield code="c">Nassau</subfield><subfield code="d">Massapequa Park.</subfield></datafield><datafield ind1="0" ind2="0" tag="780"><subfield code="a">Observer (Massapequa Park, N.Y. : Massapequa Park-Massapequa ed.)</subfield><subfield code="w">(DLC)sn 95071029</subfield><subfield code="w">(OCoLC)31212784</subfield></datafield></record>